<record><leader>00000cas a2200000 a 4500</leader><controlfield tag="001">12533141</controlfield><controlfield tag="008">850910d19421960ksuwr ne      0    0eng d</controlfield><datafield ind1=" " ind2=" " tag="010"><subfield code="a">sn 85032672 </subfield></datafield><datafield ind1=" " ind2=" " tag="040"><subfield code="a">KSH</subfield><subfield code="b">eng</subfield><subfield code="c">KSH</subfield><subfield code="d">NPT</subfield><subfield code="d">OCL</subfield><subfield code="d">OCLCQ</subfield></datafield><datafield ind1=" " ind2=" " tag="042"><subfield code="a">msc</subfield></datafield><datafield ind1="0" ind2="4" tag="245"><subfield code="a">The Salina advertiser-sun.</subfield></datafield><datafield ind1=" " ind2=" " tag="260"><subfield code="a">Salina, Kan. :</subfield><subfield code="b">S.R. Knox,</subfield><subfield code="c">1942-1960.</subfield></datafield><datafield ind1=" " ind2=" " tag="300"><subfield code="a">18 v. :</subfield><subfield code="b">ill. ;</subfield><subfield code="c">55 cm.</subfield></datafield><datafield ind1=" " ind2=" " tag="310"><subfield code="a">Weekly</subfield></datafield><datafield ind1="0" ind2=" " tag="362"><subfield code="a">57th year, no. 1 (Jan. 1, 1942)-v. 75, no. 18 (Apr. 30 [i.e. May 7], 1960).</subfield></datafield><datafield ind1=" " ind2=" " tag="500"><subfield code="a">Publisher varies.</subfield></datafield><datafield ind1=" " ind2=" " tag="752"><subfield code="a">United States</subfield><subfield code="b">Kansas</subfield><subfield code="c">Saline</subfield><subfield code="d">Salina.</subfield></datafield><datafield ind1="0" ind2="4" tag="780"><subfield code="t">Salina sun (Salina, Kan. : 1935)</subfield><subfield code="w">(DLC)sn 85032670</subfield></datafield><datafield ind1="0" ind2="4" tag="780"><subfield code="t">Salina advertiser</subfield><subfield code="w">(DLC)sn 85032671</subfield></datafield><datafield ind1="0" ind2="0" tag="785"><subfield code="t">Globe sun</subfield><subfield code="w">(DLC)sn 85032673</subfield></datafield><datafield ind1="1" ind2=" " tag="029"><subfield code="a">AU@</subfield><subfield code="b">000022166722</subfield></datafield></record>